





@article{doi:10.1056/NEJM198211113072025,

title = {Bimanual Dexterity in Major League Baseball Players: A Statistical Study},
journal = {New England Journal of Medicine},
volume = {307},
number = {20},
pages = {1278-1279},
year = {1982},
doi = {10.1056/NEJM198211113072025},
    note ={PMID: 7133065},

URL = { 
        https://doi.org/10.1056/NEJM198211113072025
    
},
eprint = { 
        https://doi.org/10.1056/NEJM198211113072025
    
}

}


