@article{Storn1997,
 author = {Storn, Rainer and Price, Kenneth},
 title = {Differential Evolution: A Simple and Efficient Heuristic for Global Optimization over Continuous Spaces},
 journal = {J. of Global Optimization},
 volume = {11},
 number = {4},
 year = {1997},
 pages = {341--359}
} 

@inproceedings{Campelo2016,
 author = {Felipe Campelo and Moises Botelho},
 title = {Experimental Investigation of Recombination Operators for Differential Evolution},
 booktitle    = {Proc. Genetic and Evolutionary Computation Conference - GECCO'2016},
 year = {2016},
 location = {Denver, CO -- To appear.}
} 

@Article{smoof,
    author = {Jakob Bossek},
    title = {smoof: Single- and Multi-Objective Optimization Test Functions},
    year = {2017},
    journal = {The R Journal},
    url = {https://journal.r-project.org/archive/2017/RJ-2017-004/index.html},
  }
  
@Article{rosenbrock,
    author = {H. H. Rosenbrock},
    title = {An Automatic Method for Finding the Greatest or least Value of a Function},
    year = {1960},
    journal = {Computer Journal},
    volume = {3},
    number = {3},
    pages = {175--184}
  }
  
@misc{Fobjs,
    author = {Hartmut Pohlheim},
    title = {Examples of Objective Functions},
    year = {2005},
    howpublished = {online},
    url = {http://www.geatbx.com/download/GEATbx_ObjFunExpl_v37.pdf}
  }

