@article{Storn1997,
 author = {Storn, Rainer and Price, Kenneth},
 title = {Differential Evolution: A Simple and Efficient Heuristic for Global Optimization over Continuous Spaces},
 journal = {J. of Global Optimization},
 volume = {11},
 number = {4},
 year = {1997},
 pages = {341--359}
} 

@inproceedings{Campelo2016,
 author = {Felipe Campelo and Moises Botelho},
 title = {Experimental Investigation of Recombination Operators for Differential Evolution},
 booktitle    = {Proc. Genetic and Evolutionary Computation Conference - GECCO'2016},
 year = {2016},
 location = {Denver, CO -- To appear.}
} 